<?xml version="1.0" encoding="UTF-8"?>
  <record xmlns="http://www.loc.gov/MARC21/slim" type="Authority">
    <leader>00000nz  a2200000nc 4500</leader>
    <controlfield tag="001">118714341</controlfield>
    <controlfield tag="003">DE-101</controlfield>
    <controlfield tag="005">20220309171239.0</controlfield>
    <controlfield tag="008">880701n||azznnaabn           | aaa    |c</controlfield>
    <datafield tag="024" ind1="7" ind2=" ">
      <subfield code="a">118714341</subfield>
      <subfield code="0">http://d-nb.info/gnd/118714341</subfield>
      <subfield code="2">gnd</subfield>
    </datafield>
    <datafield tag="035" ind1=" " ind2=" ">
      <subfield code="a">(DE-101)118714341</subfield>
    </datafield>
    <datafield tag="035" ind1=" " ind2=" ">
      <subfield code="a">(DE-588)118714341</subfield>
    </datafield>
    <datafield tag="035" ind1=" " ind2=" ">
      <subfield code="z">(DE-588)1089798423</subfield>
    </datafield>
    <datafield tag="035" ind1=" " ind2=" ">
      <subfield code="z">(DE-588)1090570414</subfield>
    </datafield>
    <datafield tag="035" ind1=" " ind2=" ">
      <subfield code="z">(DE-588)1089962827</subfield>
    </datafield>
    <datafield tag="035" ind1=" " ind2=" ">
      <subfield code="z">(DE-588)157660354</subfield>
    </datafield>
    <datafield tag="035" ind1=" " ind2=" ">
      <subfield code="z">(DE-588)187185700</subfield>
    </datafield>
    <datafield tag="035" ind1=" " ind2=" ">
      <subfield code="z">(DE-588a)187185700</subfield>
      <subfield code="9">v:zg</subfield>
    </datafield>
    <datafield tag="035" ind1=" " ind2=" ">
      <subfield code="z">(DE-588a)157660354</subfield>
      <subfield code="9">v:zg</subfield>
    </datafield>
    <datafield tag="035" ind1=" " ind2=" ">
      <subfield code="z">(DE-588)119725053</subfield>
    </datafield>
    <datafield tag="035" ind1=" " ind2=" ">
      <subfield code="z">(DE-588a)119725053</subfield>
      <subfield code="9">v:zg</subfield>
    </datafield>
    <datafield tag="035" ind1=" " ind2=" ">
      <subfield code="z">(DE-588)185877281</subfield>
    </datafield>
    <datafield tag="035" ind1=" " ind2=" ">
      <subfield code="z">(DE-588)1026331846</subfield>
    </datafield>
    <datafield tag="035" ind1=" " ind2=" ">
      <subfield code="z">(DE-588a)185877281</subfield>
      <subfield code="9">v:zg</subfield>
    </datafield>
    <datafield tag="035" ind1=" " ind2=" ">
      <subfield code="z">(DE-588)174114036</subfield>
    </datafield>
    <datafield tag="035" ind1=" " ind2=" ">
      <subfield code="z">(DE-588a)174114036</subfield>
      <subfield code="9">v:zg</subfield>
    </datafield>
    <datafield tag="035" ind1=" " ind2=" ">
      <subfield code="z">(DE-588)174060289</subfield>
    </datafield>
    <datafield tag="035" ind1=" " ind2=" ">
      <subfield code="z">(DE-588a)174060289</subfield>
      <subfield code="9">v:zg</subfield>
    </datafield>
    <datafield tag="035" ind1=" " ind2=" ">
      <subfield code="z">(DE-588a)118714341</subfield>
      <subfield code="9">v:zg</subfield>
    </datafield>
    <datafield tag="035" ind1=" " ind2=" ">
      <subfield code="z">(DE-588c)4096814-5</subfield>
      <subfield code="9">v:zg</subfield>
    </datafield>
    <datafield tag="040" ind1=" " ind2=" ">
      <subfield code="a">DE-101</subfield>
      <subfield code="c">DE-101</subfield>
      <subfield code="9">r:DE-101</subfield>
      <subfield code="b">ger</subfield>
      <subfield code="d">9999</subfield>
    </datafield>
    <datafield tag="042" ind1=" " ind2=" ">
      <subfield code="a">gnd1</subfield>
    </datafield>
    <datafield tag="043" ind1=" " ind2=" ">
      <subfield code="c">XS</subfield>
      <subfield code="c">XT</subfield>
    </datafield>
    <datafield tag="065" ind1=" " ind2=" ">
      <subfield code="a">3.6p</subfield>
      <subfield code="2">sswd</subfield>
    </datafield>
    <datafield tag="065" ind1=" " ind2=" ">
      <subfield code="a">4.7p</subfield>
      <subfield code="2">sswd</subfield>
    </datafield>
    <datafield tag="075" ind1=" " ind2=" ">
      <subfield code="b">p</subfield>
      <subfield code="2">gndgen</subfield>
    </datafield>
    <datafield tag="075" ind1=" " ind2=" ">
      <subfield code="b">piz</subfield>
      <subfield code="2">gndspec</subfield>
    </datafield>
    <datafield tag="079" ind1=" " ind2=" ">
      <subfield code="a">g</subfield>
      <subfield code="q">s</subfield>
      <subfield code="q">f</subfield>
      <subfield code="q">p</subfield>
      <subfield code="q">a</subfield>
      <subfield code="q">t</subfield>
      <subfield code="u">v</subfield>
      <subfield code="u">w</subfield>
    </datafield>
    <datafield tag="100" ind1="0" ind2=" ">
      <subfield code="a">Iustinus</subfield>
      <subfield code="c">Martyr</subfield>
      <subfield code="d">-165</subfield>
    </datafield>
    <datafield tag="375" ind1=" " ind2=" ">
      <subfield code="a">1</subfield>
      <subfield code="2">iso5218</subfield>
    </datafield>
    <datafield tag="377" ind1=" " ind2="7">
      <subfield code="a">grc</subfield>
      <subfield code="2">iso639-2b</subfield>
    </datafield>
    <datafield tag="400" ind1="0" ind2=" ">
      <subfield code="a">Justin</subfield>
      <subfield code="c">Philosoph</subfield>
      <subfield code="d">-165</subfield>
    </datafield>
    <datafield tag="400" ind1="0" ind2=" ">
      <subfield code="a">Justinus</subfield>
      <subfield code="c">der Philosoph</subfield>
      <subfield code="d">-165</subfield>
    </datafield>
    <datafield tag="400" ind1="0" ind2=" ">
      <subfield code="a">Justinus</subfield>
      <subfield code="c">der Märtyrer</subfield>
      <subfield code="d">-165</subfield>
    </datafield>
    <datafield tag="400" ind1="0" ind2=" ">
      <subfield code="a">Justin</subfield>
      <subfield code="c">Heiliger</subfield>
      <subfield code="d">-165</subfield>
    </datafield>
    <datafield tag="400" ind1="0" ind2=" ">
      <subfield code="a">Iustinos</subfield>
      <subfield code="c">Philosophos</subfield>
      <subfield code="d">-165</subfield>
    </datafield>
    <datafield tag="400" ind1="0" ind2=" ">
      <subfield code="a">Iustinus</subfield>
      <subfield code="c">Philosoph</subfield>
      <subfield code="d">-165</subfield>
    </datafield>
    <datafield tag="400" ind1="0" ind2=" ">
      <subfield code="a">Justinos</subfield>
      <subfield code="c">Märtyrer</subfield>
      <subfield code="d">-165</subfield>
    </datafield>
    <datafield tag="400" ind1="0" ind2=" ">
      <subfield code="a">Iustinus</subfield>
      <subfield code="c">Philosophus et Martyr</subfield>
      <subfield code="d">-165</subfield>
    </datafield>
    <datafield tag="400" ind1="0" ind2=" ">
      <subfield code="a">Giustino</subfield>
      <subfield code="c">San</subfield>
      <subfield code="d">-165</subfield>
    </datafield>
    <datafield tag="400" ind1="0" ind2=" ">
      <subfield code="a">Yûsṭînûs</subfield>
      <subfield code="c">Marṭîr</subfield>
      <subfield code="d">-165</subfield>
    </datafield>
    <datafield tag="400" ind1="0" ind2=" ">
      <subfield code="a">Iustinus</subfield>
      <subfield code="c">Apologeticus</subfield>
      <subfield code="d">-165</subfield>
    </datafield>
    <datafield tag="400" ind1="0" ind2=" ">
      <subfield code="a">Pseudo-Iustinus</subfield>
      <subfield code="c">Martyr</subfield>
      <subfield code="d">-165</subfield>
    </datafield>
    <datafield tag="400" ind1="0" ind2=" ">
      <subfield code="a">Iustini</subfield>
      <subfield code="c">Martyr</subfield>
      <subfield code="d">-165</subfield>
    </datafield>
    <datafield tag="400" ind1="0" ind2=" ">
      <subfield code="a">Justino</subfield>
      <subfield code="c">Mártir</subfield>
      <subfield code="d">-165</subfield>
    </datafield>
    <datafield tag="400" ind1="0" ind2=" ">
      <subfield code="a">Justin</subfield>
      <subfield code="c">Märtyrer</subfield>
      <subfield code="d">-165</subfield>
      <subfield code="9">v:R:RAK-ÖB</subfield>
    </datafield>
    <datafield tag="400" ind1="0" ind2=" ">
      <subfield code="a">Justyn</subfield>
      <subfield code="c">Mec̨zennik</subfield>
      <subfield code="d">-165</subfield>
    </datafield>
    <datafield tag="400" ind1="0" ind2=" ">
      <subfield code="a">Justin</subfield>
      <subfield code="c">der Märtyrer</subfield>
      <subfield code="d">-165</subfield>
    </datafield>
    <datafield tag="400" ind1="0" ind2=" ">
      <subfield code="a">Iustinos</subfield>
      <subfield code="c">Martyr</subfield>
      <subfield code="d">-165</subfield>
    </datafield>
    <datafield tag="400" ind1="0" ind2=" ">
      <subfield code="a">Iustinos</subfield>
      <subfield code="c">Hagios</subfield>
      <subfield code="d">-165</subfield>
    </datafield>
    <datafield tag="400" ind1="0" ind2=" ">
      <subfield code="a">Iustinus</subfield>
      <subfield code="c">Philosophus</subfield>
      <subfield code="d">-165</subfield>
    </datafield>
    <datafield tag="400" ind1="0" ind2=" ">
      <subfield code="a">Iustinus</subfield>
      <subfield code="c">Apologeta</subfield>
      <subfield code="d">-165</subfield>
    </datafield>
    <datafield tag="400" ind1="0" ind2=" ">
      <subfield code="a">Iustinus</subfield>
      <subfield code="c">Romanus</subfield>
      <subfield code="d">-165</subfield>
    </datafield>
    <datafield tag="400" ind1="0" ind2=" ">
      <subfield code="a">Iustinus</subfield>
      <subfield code="c">Samaritanus</subfield>
      <subfield code="d">-165</subfield>
    </datafield>
    <datafield tag="400" ind1="0" ind2=" ">
      <subfield code="a">Iustinus</subfield>
      <subfield code="c">Sanctus</subfield>
      <subfield code="d">-165</subfield>
    </datafield>
    <datafield tag="400" ind1="0" ind2=" ">
      <subfield code="a">Justinus</subfield>
      <subfield code="c">von Nablus</subfield>
      <subfield code="d">-165</subfield>
    </datafield>
    <datafield tag="400" ind1="0" ind2=" ">
      <subfield code="a">Justinus</subfield>
      <subfield code="c">von Sichem</subfield>
      <subfield code="d">-165</subfield>
    </datafield>
    <datafield tag="400" ind1="0" ind2=" ">
      <subfield code="a">Justinus</subfield>
      <subfield code="c">von Flavia Neapolis</subfield>
      <subfield code="d">-165</subfield>
    </datafield>
    <datafield tag="400" ind1="0" ind2=" ">
      <subfield code="a">Justinus</subfield>
      <subfield code="c">Philosophus</subfield>
      <subfield code="d">-165</subfield>
    </datafield>
    <datafield tag="400" ind1="0" ind2=" ">
      <subfield code="a">Justinus</subfield>
      <subfield code="c">Märtyrer</subfield>
      <subfield code="d">-165</subfield>
    </datafield>
    <datafield tag="400" ind1="1" ind2=" ">
      <subfield code="a">Martyr, Justinus</subfield>
      <subfield code="d">-165</subfield>
    </datafield>
    <datafield tag="400" ind1="0" ind2=" ">
      <subfield code="a">Giustino</subfield>
      <subfield code="c">Martire</subfield>
      <subfield code="d">-165</subfield>
    </datafield>
    <datafield tag="400" ind1="0" ind2=" ">
      <subfield code="a">Pseudojustino</subfield>
      <subfield code="d">-165</subfield>
    </datafield>
    <datafield tag="400" ind1="0" ind2=" ">
      <subfield code="a">Pseudo-Giustino</subfield>
      <subfield code="d">-165</subfield>
    </datafield>
    <datafield tag="400" ind1="0" ind2=" ">
      <subfield code="a">Pseudo-Justinus</subfield>
      <subfield code="d">-165</subfield>
    </datafield>
    <datafield tag="400" ind1="0" ind2=" ">
      <subfield code="a">Pseudojustin</subfield>
      <subfield code="d">-165</subfield>
    </datafield>
    <datafield tag="400" ind1="0" ind2=" ">
      <subfield code="a">Giustino</subfield>
      <subfield code="c">Martyr</subfield>
      <subfield code="d">-165</subfield>
    </datafield>
    <datafield tag="400" ind1="0" ind2=" ">
      <subfield code="a">Iustin</subfield>
      <subfield code="c">Martyr</subfield>
      <subfield code="d">-165</subfield>
    </datafield>
    <datafield tag="400" ind1="0" ind2=" ">
      <subfield code="a">Justinus</subfield>
      <subfield code="c">Martyr</subfield>
      <subfield code="d">-165</subfield>
    </datafield>
    <datafield tag="400" ind1="0" ind2=" ">
      <subfield code="a">Justin</subfield>
      <subfield code="c">Martyr</subfield>
      <subfield code="d">-165</subfield>
    </datafield>
    <datafield tag="400" ind1="0" ind2=" ">
      <subfield code="a">Justin</subfield>
      <subfield code="c">Saint</subfield>
      <subfield code="d">-165</subfield>
    </datafield>
    <datafield tag="400" ind1="0" ind2=" ">
      <subfield code="a">Pseudo-Justin</subfield>
      <subfield code="d">-165</subfield>
    </datafield>
    <datafield tag="400" ind1="0" ind2=" ">
      <subfield code="a">Pseudo-Iustinus</subfield>
      <subfield code="d">-165</subfield>
    </datafield>
    <datafield tag="548" ind1=" " ind2=" ">
      <subfield code="a">-165</subfield>
      <subfield code="4">datl</subfield>
      <subfield code="4">https://d-nb.info/standards/elementset/gnd#dateOfDeath</subfield>
      <subfield code="w">r</subfield>
      <subfield code="i">Lebensdaten</subfield>
      <subfield code="9">v:Todesjahr ca.</subfield>
    </datafield>
    <datafield tag="548" ind1=" " ind2=" ">
      <subfield code="a">01-</subfield>
      <subfield code="4">datu</subfield>
      <subfield code="4">https://d-nb.info/standards/elementset/gnd#udkCode</subfield>
      <subfield code="w">r</subfield>
      <subfield code="i">UDK</subfield>
    </datafield>
    <datafield tag="550" ind1=" " ind2=" ">
      <subfield code="0">(DE-101)040457907</subfield>
      <subfield code="0">(DE-588)4045790-4</subfield>
      <subfield code="0">https://d-nb.info/gnd/4045790-4</subfield>
      <subfield code="a">Philosoph</subfield>
      <subfield code="4">berc</subfield>
      <subfield code="4">https://d-nb.info/standards/elementset/gnd#professionOrOccupation</subfield>
      <subfield code="w">r</subfield>
      <subfield code="i">Charakteristischer Beruf</subfield>
    </datafield>
    <datafield tag="667" ind1=" " ind2=" ">
      <subfield code="a">VD-17</subfield>
    </datafield>
    <datafield tag="667" ind1=" " ind2=" ">
      <subfield code="a">12</subfield>
    </datafield>
    <datafield tag="667" ind1=" " ind2=" ">
      <subfield code="a">7</subfield>
    </datafield>
    <datafield tag="667" ind1=" " ind2=" ">
      <subfield code="a">12-PAN</subfield>
    </datafield>
    <datafield tag="667" ind1=" " ind2=" ">
      <subfield code="a">TITAN;Maschinell verknuepft mit DBL-Retro-Titeldaten</subfield>
    </datafield>
    <datafield tag="667" ind1=" " ind2=" ">
      <subfield code="a">VD-16</subfield>
    </datafield>
    <datafield tag="667" ind1=" " ind2=" ">
      <subfield code="a">MMm</subfield>
    </datafield>
    <datafield tag="670" ind1=" " ind2=" ">
      <subfield code="a">PAN</subfield>
    </datafield>
    <datafield tag="672" ind1=" " ind2="0">
      <subfield code="a">Iustinus &lt;Martyr&gt;: SS. patrum S. Iustini S. Gregorii Orationes et epistolae selectae. - s.a.</subfield>
    </datafield>
    <datafield tag="672" ind1=" " ind2="0">
      <subfield code="a">Iustinus &lt;Martyr&gt;: Apologiae duae et dialogus cum Tryphone Iudaco</subfield>
      <subfield code="f">1765</subfield>
    </datafield>
    <datafield tag="672" ind1=" " ind2="0">
      <subfield code="a">Iustinus &lt;Martyr&gt;: Zweite Apologie</subfield>
      <subfield code="f">1796</subfield>
    </datafield>
    <datafield tag="672" ind1=" " ind2="0">
      <subfield code="a">Iustinus &lt;Martyr&gt;: Fragmenta duo</subfield>
      <subfield code="f">1765</subfield>
    </datafield>
    <datafield tag="672" ind1=" " ind2="0">
      <subfield code="a">Iustinus &lt;Martyr&gt;: De sacris Christianorum publicis saeculi secundi narratio</subfield>
      <subfield code="f">1725</subfield>
    </datafield>
    <datafield tag="672" ind1=" " ind2="0">
      <subfield code="a">Iustinus &lt;Martyr&gt;: Logos parainetikos pros Hellenas ...</subfield>
      <subfield code="f">1551</subfield>
    </datafield>
    <datafield tag="672" ind1=" " ind2="0">
      <subfield code="a">Iustinus &lt;Martyr&gt;: Opera ...</subfield>
      <subfield code="f">1615</subfield>
    </datafield>
    <datafield tag="672" ind1=" " ind2="0">
      <subfield code="a">Iustinus &lt;Martyr&gt;: Opera ...</subfield>
      <subfield code="f">1636</subfield>
    </datafield>
    <datafield tag="672" ind1=" " ind2="0">
      <subfield code="a">Iustinus &lt;Martyr&gt;: Opera</subfield>
      <subfield code="f">1686</subfield>
    </datafield>
    <datafield tag="672" ind1=" " ind2="0">
      <subfield code="a">Iustinus &lt;Martyr&gt;: Erzehlung wie er zur Erkäntnis Gottes gelanget sey</subfield>
      <subfield code="f">1724</subfield>
    </datafield>
    <datafield tag="672" ind1=" " ind2="0">
      <subfield code="a">Flacius Illyricus, Matthias &lt;der Ältere&gt;: Historia certaminum inter Romanos episcopos et 6. Carthaginensem synodum Afracanasque ecclesias de primatu sive potestate papae. 1555. (VD16 ZV 5905)</subfield>
    </datafield>
    <datafield tag="672" ind1=" " ind2="0">
      <subfield code="a">Justinus Martyr: APOSTOLICA TRADITIO DE Caena Domini &amp; Baptismo a Iustino martyre conscripta. Dat ys. Ein ... 1556. (VD16 J 1177)</subfield>
    </datafield>
    <datafield tag="672" ind1=" " ind2="0">
      <subfield code="a">Justinus Martyr: DIVI IVSTINI, PHILOSOPHI AC MARTYRIS OPERA NON ITA PRIDEM GRAECE EDITA, NVPER uerò Latinè ... 1555. (VD16 J 1173)</subfield>
    </datafield>
    <datafield tag="672" ind1=" " ind2="0">
      <subfield code="a">Justinus Martyr: DIVI IVSTINI, PHILOSOPHI ET MARTYris Christi, OPERVM, QVAE EXTANT, OMNIVM per IOANNEM ... 1565. (VD16 J 1174)</subfield>
    </datafield>
    <datafield tag="672" ind1=" " ind2="0">
      <subfield code="a">Justinus Martyr: \=GTU HAGIU IUSTINU PHILOSOPHU KAI MARTYROS TA HEURISKOMENA.\=g S.IVSTINI, ... 1593. (VD16 J 1172)</subfield>
    </datafield>
    <datafield tag="672" ind1=" " ind2="0">
      <subfield code="a">Pico della Mirandola, Giovanni Francesco: IOANNIS FRANCISCI PICI MIRANDVLAE DOMINI ET CONCORDIAE COMITIS DE RERVM PRAENOTIONE ... 1507/(1506). (VD16 P 2636)</subfield>
    </datafield>
    <datafield tag="672" ind1=" " ind2="0">
      <subfield code="a">Sulpitius Severus: De ecclesiastica hierarchia, Ausz. 1556. (VD16 S 10127)</subfield>
    </datafield>
    <datafield tag="678" ind1=" " ind2=" ">
      <subfield code="b">Christl. Philosoph, Apologet u. Märtyrer, zweifelhaft, ob Pseudo-Justin ident.</subfield>
    </datafield>
    <datafield tag="912" ind1=" " ind2=" ">
      <subfield code="z">2021-10-28</subfield>
      <subfield code="b">a-DE-101-FE-P-sev e-xDE-12-FE-erf</subfield>
      <subfield code="a">Bitte um Überprüfung nach RDA und Vergabe des Kennzeichens in 040.</subfield>
    </datafield>
    <datafield tag="912" ind1=" " ind2=" ">
      <subfield code="z">2021-11-11</subfield>
      <subfield code="b">a-DE-12-FE-erf e-DE-384-SE</subfield>
      <subfield code="a">Weiterleitung</subfield>
    </datafield>
    <datafield tag="913" ind1=" " ind2=" ">
      <subfield code="S">pnd</subfield>
      <subfield code="i">5</subfield>
      <subfield code="a">Iustinus &lt;Martyr&gt;</subfield>
      <subfield code="0">(DE-588a)118714341</subfield>
    </datafield>
    <datafield tag="913" ind1=" " ind2=" ">
      <subfield code="S">pnd</subfield>
      <subfield code="i">5</subfield>
      <subfield code="a">Iustinus &lt;Martyr&gt;</subfield>
      <subfield code="0">(DE-588a)174060289</subfield>
    </datafield>
    <datafield tag="913" ind1=" " ind2=" ">
      <subfield code="S">pnd</subfield>
      <subfield code="i">5</subfield>
      <subfield code="a">Iustinus &lt;Martyr&gt;</subfield>
      <subfield code="0">(DE-588a)174114036</subfield>
    </datafield>
    <datafield tag="913" ind1=" " ind2=" ">
      <subfield code="S">pnd</subfield>
      <subfield code="i">5</subfield>
      <subfield code="a">Iustinus &lt;Martyr&gt;</subfield>
      <subfield code="0">(DE-588a)185877281</subfield>
    </datafield>
    <datafield tag="913" ind1=" " ind2=" ">
      <subfield code="S">pnd</subfield>
      <subfield code="i">5</subfield>
      <subfield code="a">Justinus Martyr</subfield>
      <subfield code="0">(DE-588a)119725053</subfield>
    </datafield>
    <datafield tag="913" ind1=" " ind2=" ">
      <subfield code="S">pnd</subfield>
      <subfield code="i">5</subfield>
      <subfield code="a">Justinus Martyr</subfield>
      <subfield code="0">(DE-588a)157660354</subfield>
    </datafield>
    <datafield tag="913" ind1=" " ind2=" ">
      <subfield code="S">pnd</subfield>
      <subfield code="i">5</subfield>
      <subfield code="a">Justinus &lt;Martyr&gt;</subfield>
      <subfield code="0">(DE-588a)187185700</subfield>
    </datafield>
  </record>
